<record><leader>00000cas a2200000 a 4500</leader><controlfield tag="001">46318870</controlfield><controlfield tag="008">010223d19371954cauwr ne      0    0eng c</controlfield><datafield ind1=" " ind2=" " tag="010"><subfield code="a">sn 00060279 </subfield></datafield><datafield ind1=" " ind2=" " tag="040"><subfield code="a">CNK</subfield><subfield code="b">eng</subfield><subfield code="c">CNK</subfield><subfield code="d">CNK</subfield><subfield code="d">OCLCQ</subfield><subfield code="d">OCLCF</subfield><subfield code="d">OCLCO</subfield></datafield><datafield ind1="1" ind2=" " tag="029"><subfield code="a">AU@</subfield><subfield code="b">000022417133</subfield></datafield><datafield ind1=" " ind2=" " tag="042"><subfield code="a">pcc</subfield></datafield><datafield ind1=" " ind2=" " tag="043"><subfield code="a">n-us-ca</subfield></datafield><datafield ind1="0" ind2="0" tag="245"><subfield code="a">Newport Balboa news times.</subfield></datafield><datafield ind1=" " ind2=" " tag="260"><subfield code="a">Newport Beach, Calif. :</subfield><subfield code="b">S.A. Meyer</subfield></datafield><datafield ind1=" " ind2=" " tag="300"><subfield code="a">v.</subfield></datafield><datafield ind1=" " ind2=" " tag="310"><subfield code="a">Weekly,</subfield><subfield code="b">May 3, 1949-Sept. 28, 1954</subfield></datafield><datafield ind1=" " ind2=" " tag="321"><subfield code="a">Semiweekly,</subfield><subfield code="b">Aug. 26, 1937-&lt;Feb. 26, 1948&gt;</subfield></datafield><datafield ind1=" " ind2=" " tag="321"><subfield code="a">Daily,</subfield><subfield code="b">&lt;Mar. 3, 1948&gt;-Mar. 25, 1949</subfield></datafield><datafield ind1=" " ind2=" " tag="321"><subfield code="a">Semiweekly,</subfield><subfield code="b">Mar. 29-Apr. 29, 1949</subfield></datafield><datafield ind1="0" ind2=" " tag="362"><subfield code="a">Vol. 13, no. 31 [i.e. 34] (Aug. 24 [i.e. 26], 1937)-47th year, no. 39 (Sept. 28, 1954).</subfield></datafield><datafield ind1=" " ind2=" " tag="515"><subfield code="a">Issue for Aug. 26, 1937 carries numbering designation of the Balboa times. Issues for Aug 31, 1937-Sept. 28, 1954 carry numbering designation of the Newport news (Newport Beach, Calif.).</subfield></datafield><datafield ind1=" " ind2=" " tag="515"><subfield code="a">Numbering designation changed from v. 13, no. 31 [i.e. 34] (Aug. 24 [i.e. 26], 1937) to v. 29, no. 43(Aug. 31, 1937).</subfield></datafield><datafield ind1=" " ind2=" " tag="515"><subfield code="a">Issue for Dec. 7, 1939 incorrectly dated Dec. 7, 1930.</subfield></datafield><datafield ind1=" " ind2=" " tag="530"><subfield code="a">Master negatives are available for duplication from:</subfield><subfield code="b">California Newspaper Microfilm Archive;</subfield><subfield code="c">positive copies may be purchased by the reel; for further information consult the CNMA at:</subfield><subfield code="u">http://cbsr.ucr.edu</subfield></datafield><datafield ind1=" " ind2="0" tag="651"><subfield code="a">Orange County (Calif.)</subfield><subfield code="v">Newspapers.</subfield></datafield><datafield ind1=" " ind2="7" tag="655"><subfield code="a">Newspapers.</subfield><subfield code="2">fast</subfield><subfield code="0">(OCoLC)fst01423814</subfield></datafield><datafield ind1=" " ind2="7" tag="651"><subfield code="a">California</subfield><subfield code="z">Orange County.</subfield><subfield code="2">fast</subfield><subfield code="0">(OCoLC)fst01206289</subfield></datafield><datafield ind1=" " ind2=" " tag="752"><subfield code="a">United States</subfield><subfield code="b">California</subfield><subfield code="c">Orange</subfield><subfield code="d">Newport Beach.</subfield></datafield><datafield ind1="0" ind2="4" tag="780"><subfield code="t">Newport news (Newport Beach, Calif.)</subfield><subfield code="w">(DLC)sn2001060203</subfield></datafield><datafield ind1="0" ind2="4" tag="780"><subfield code="t">Balboa times</subfield><subfield code="w">(DLC)sn2001060524</subfield></datafield><datafield ind1="0" ind2="7" tag="785"><subfield code="t">Newport-Balboa press</subfield><subfield code="w">(DLC)sn 00060280</subfield></datafield><datafield ind1="0" ind2="7" tag="785"><subfield code="t">Newport Harbor news press</subfield><subfield code="w">(DLC)sn 98061554</subfield></datafield></record>